{
  "BERA": [
    {
      "id": 1743052045584,
      "type": "buy",
      "quantity": 3.178,
      "price": 6.583123,
      "date": "2025-03-27T05:07:25.584Z"
    }
  ],
  "BTC": [
    {
      "id": 1743052621822,
      "type": "buy",
      "quantity": 0.00149,
      "price": 95124.410805,
      "date": "2025-03-27T05:17:01.822Z"
    }
  ],
  "CAKE": [
    {
      "id": 1743052651649,
      "type": "buy",
      "quantity": 0.01,
      "price": 1.516,
      "date": "2025-03-27T05:17:31.649Z"
    }
  ],
  "ENA": [
    {
      "id": 1743052716170,
      "type": "buy",
      "quantity": 197.18,
      "price": 0.392836,
      "date": "2025-03-27T05:18:36.170Z"
    }
  ],
  "ETH": [
    {
      "id": 1743052755089,
      "type": "buy",
      "quantity": 0.0283,
      "price": 2641.72841,
      "date": "2025-03-27T05:19:15.089Z"
    }
  ],
  "HBAR": [
    {
      "id": 1743052782993,
      "type": "buy",
      "quantity": 481,
      "price": 0.262512,
      "date": "2025-03-27T05:19:42.993Z"
    }
  ],
  "KAITO": [
    {
      "id": 1743052806061,
      "type": "buy",
      "quantity": 56.4,
      "price": 1.520849,
      "date": "2025-03-27T05:20:06.061Z"
    }
  ],
  "NEAR": [
    {
      "id": 1743052838660,
      "type": "buy",
      "quantity": 2.8,
      "price": 5.3,
      "date": "2025-03-27T05:20:38.660Z"
    }
  ],
  "SEI": [
    {
      "id": 1743052880958,
      "type": "buy",
      "quantity": 159.9,
      "price": 0.23867,
      "date": "2025-03-27T05:21:20.958Z"
    }
  ],
  "SOL": [
    {
      "id": 1743052908757,
      "type": "buy",
      "quantity": 0.001,
      "price": 160.489383,
      "date": "2025-03-27T05:21:48.757Z"
    }
  ],
  "TIA": [
    {
      "id": 1743052929844,
      "type": "buy",
      "quantity": 5.61,
      "price": 3.15,
      "date": "2025-03-27T05:22:09.844Z"
    }
  ],
  "TON": [
    {
      "id": 1743052949216,
      "type": "buy",
      "quantity": 70.87,
      "price": 3.174828,
      "date": "2025-03-27T05:22:29.216Z"
    }
  ],
  "XRP": [
    {
      "id": 1743052962371,
      "type": "buy",
      "quantity": 3,
      "price": 2.1799,
      "date": "2025-03-27T05:22:42.371Z"
    }
  ]
}
